@article{pioneers,
   author={Carpenter, Brian E. and Manoharan, Sathiamoorthy},
   journal={IEEE Annals of the History of Computing},
   title={{Information Technology Pioneers of Aotearoa New Zealand}},
   year={2025},
   volume={47},
   number={2},
   pages={44-58},
   doi={10.1109/MAHC.2025.3548545}}


@incollection{Winiata,
booktitle = {{Looking Back to Tomorrow}},
editor = {Williams, W. R.},
publisher = {{The New Zealand Computer Society}},
title = {{Aotearoa Before the Computer}},
chapter="1",
author = {Winiata, Whatarangi},
year = "1985",
url = "https://history.itp.nz/part-3/winiata.html"
}

@incollection{Tee85,
booktitle = {{Looking Back to Tomorrow}},
editor = {Williams, W. R.},
publisher = {{The New Zealand Computer Society}},
title = {{From Monsters to Micros}},
chapter="2",
author = {Tee, Garry J.},
year = "1985",
url = "https://history.itp.nz/part-3/tee.html"
}

@incollection{MoonInterview,
booktitle = {{New Zealand Computer Society Silver Jubilee Oral History Project}},
publisher = {{National Library of New Zealand}},
title = {{Interview with Bruce Moon}},
author = {Moon, Bruce},
year = "1984",
url = "https://natlib.govt.nz/records/35829905"
}


@incollection{Moon2010,
booktitle = {{Return to Tomorrow: 50 Years of Computing in New Zealand}},
editor = {Toland, Janet},
publisher = {{The New Zealand Computer Society}},
title = {{Memories of the early days - NZCS: Why and how it was so}},
author = {Moon, Bruce},
year = "2010",
url = "https://history.itp.nz/part-2/moon.html"
}

@incollection{Shailes,
booktitle = {{Looking Back to Tomorrow}},
editor = {Williams, W. R.},
publisher = {{The New Zealand Computer Society}},
title = {{The Impact of Computers on the Public Sector}},
chapter = "3",
pages = {35-52},
author = {Shailes, A. C.},
year = "1985",
url = "https://history.itp.nz/part-3/shailes.html"
}

@incollection{Pioneers85,
booktitle = {{Looking Back to Tomorrow}},
editor = {Williams, W. R.},
publisher = {{The New Zealand Computer Society}},
title = {{A few of the first}},
year = "1985",
url = "https://history.itp.nz/part-3/a-few-of-the-first.html"
}

@book{Beardon,
title = {{Computer Culture - The Information Revolution in New Zealand}},
author = {Beardon, Colin},
year = "1985",
place = {{Auckland, New Zealand}},
publisher = {{Reed Methuen}}
}

@misc{Treasury-1974,
 title = {{Machines – other departments – Computers – electronic \& customs import licences, NZ Archives Reference No AALR W31158 873 Box 4}},
 year = {1974}}

@ARTICLE{FirstCinNZ,
  author={Carpenter, Brian E.},
  journal={IEEE Annals of the History of Computing}, 
  title={{The First Computer in New Zealand}}, 
  year={2020},
  volume={42},
  number={2},
  pages={33-41},
  doi={10.1109/MAHC.2020.2990647}}

@incollection{Clandestine,
  title="{The clandestine computer on The Terrace}",
  author={Carpenter, Brian E.},
  chapter="1",
  booktitle="{From Yesterday to Tomorrow - 60 years of tech in New Zealand}",
  editor={Toland, Janet},
  publisher="{IT Professionals New Zealand}",
  ISBN={978-0-473-58175-6},
  year={2021},
  URL = "https://history.itp.nz/part-1/carpenter.html",
}

@incollection{Kamira,
  title="{Te Hīkoi Roa: A journey of Māori towards information technology mastery}",
  author={Kāmira, Robyn},
  chapter="13",
  booktitle="{From Yesterday to Tomorrow - 60 years of tech in New Zealand}",
  editor={Toland, Janet},
  publisher="{IT Professionals New Zealand}",
  ISBN={978-0-473-58175-6},
  year={2021},
  URL = "https://history.itp.nz/part-1/kamira.html",
}

@book{Yearbook73,
title={{The New Zealand Official Year-Book, 1973}},
publisher={{Statistics New Zealand}},
year= "1973",
url="https://www3.stats.govt.nz/new_zealand_official_yearbooks/1973/"
}

@book{Yearbook75,
title={{The New Zealand Official Year-Book, 1975}},
publisher={{Statistics New Zealand}},
year= "1975",
url="https://www3.stats.govt.nz/new_zealand_official_yearbooks/1975/"
}


@article{HoneHeke,
author = {{Hone Heke (pseudonym)}},
title= {{Computing in New Zealand}},
journal = {{Datamation}},
year = "1965",
month = "March",
pages = {41-42},
volume = {11},
number = {3}
}



@article{Press-edu-2,
 entrysubtype = {newspaper},
 title = {{New Computer Acquired}},
 journal = {{The Press (Christchurch)}},
 year = "1961",
 month = "June 9",
 pages = "20"
}



@book{NZ-stats-history,
title = {{A History of Statistics in New Zealand}},
editor = {Roberts, H. S.},
year = "1999",
place = {{Wellington, New Zealand}},
publisher = {{New Zealand Statistical Association}},
isbn = {0-9597632-7-9},
url = "https://www.stats.org.nz/wp-content/uploads/2018/07/A-History-of-Statistics-in-New-Zealand-1.pdf"
}


@article{Sullivan2013,
author = {{Sullivan, Richard}},
title= {{Exchange rate fluctuations: How has the regime mattered?}},
journal = {{Reserve Bank of New Zealand: Bulletin,}},
year = "2013",
pages = {26-34},
volume = {76},
number = {2}
}

@techreport{Dale-Canty2,
authoror = {Dale, Tony},
title = {{History of the Computer Services Centre}},
institution = "University of Canterbury",
year = {2015}
}

@book{Hendry-1989,
title = {{Innovating for Failure: Government Policy and the Early British Computer Industry}},
author = {Hendry, John},
year = "1989",
publisher = {{MIT Press}},
isbn = {0-262-08187-3}
}

@incollection{Auburn1971,
booktitle = {{New Zealand Legal Research Foundation Seminar Papers 6: Computers and the Law}},
publisher = {{New Zealand Legal Information Institute}},
title = {{Legal Problems of Storage and Processing of Electronic Data}},
chapter="5",
pages={108-121},
author = {Auburn, F. M.},
year = "1971",
url = "https://www.nzlii.org/nz/journals/NZLRFSP/1971/6.html"
}
